
@Book{		  abelson-sussman:structure,
  author	= {Harold Abelson and Gerald Jay Sussman and Julie Sussman},
  title		= {The Structure and Interpretation of Computer Programs, 2nd
		  edition},
  publisher	= {MIT Press},
  address	= {Cambridge, Massachusetts},
  year		= {1996},
  url		= {http://mitpress.mit.edu/sicp/full-text/sicp/book/book.html}
}

@InProceedings{odersky-et-al:fool10,
  author	= {Martin Odersky and Vincent Cremet and Christine R\"ockl
		  and Matthias Zenger},
  title		= {A Nominal Theory of Objects with Dependent Types},
  booktitle	= {Proc. FOOL 10},
  year		= 2003,
  month		= jan,
  note		= {\hspace*{\fill}\\
		  \verb@http://www.cis.upenn.edu/~bcpierce/FOOL/FOOL10.html@}		  
}

@Misc{w3c:dom,
  author = 	{W3C},
  title =	 {Document Object Model ({DOM})},
  howpublished = {http://www.w3.org/DOM}
}

@Book{goldberg-robson:smalltalk-language,
  author = 	"Adele Goldberg and David Robson",
  title = 	"{Smalltalk-80}; The Language and Its Implementation",
  publisher = 	"Addison-Wesley",
  year = 	"1983"
}

@Book{rossum:python,
  author =	 {Guido van Rossum and Fred L. Drake},
  title = 	 {The {Python} Language Reference Manual},
  publisher = 	 {Network Theory Ltd},
  year = 	 2003,
  month =	 sep
}

@Book{matsumtoto:ruby,
  author =	 {Yukihiro Matsumoto},
  title = 	 {{Ruby} in a Nutshell},
  publisher = 	 {O'Reilly \& Associates},
  year = 	 2001,
  month =	 nov
}


@article{milner:polymorphism, 
  author = 	{Robin Milner}, 
  title = 	{A Theory of Type Polymorphism in Programming}, 
  journal = 	{Journal of Computer and System Sciences}, 
  year = 	{1978}, 
  month = 	{Dec}, 
  volume = 	{17}, 
  pages = 	{348--375}, 
  folder = {  2-1}
}

@Article{wirth:ebnf,
  author = 	 "Niklus Wirth",
  title = 	 "What can we do about the unnessesary diversity of notation 
for syntactic definitions?",
  journal =	 "Comm. ACM",
  year =	 1977,
  volume =	 20,
  pages =	 "822-823",
  month =	 nov
}

